<?xml version="1.0" encoding="UTF-8"?><collection><record><leader>08069ntm a2200637 a 4500</leader><controlfield tag="001">006806214</controlfield><controlfield tag="003">MiAaHDL</controlfield><controlfield tag="005">20190719000000.0</controlfield><controlfield tag="006">m        d        </controlfield><controlfield tag="007">cr bn ---auaua</controlfield><controlfield tag="008">090602q12uu13uuxx            00| ||ara d</controlfield><datafield tag="035" ind1=" " ind2=" "><subfield code="a">(MiU)006806214</subfield></datafield><datafield tag="035" ind1=" " ind2=" "><subfield code="a">sdr-miu006806214</subfield></datafield><datafield tag="040" ind1=" " ind2=" "><subfield code="a">MiU</subfield><subfield code="c">MiU</subfield><subfield code="e">amremm</subfield></datafield><datafield tag="043" ind1=" " ind2=" "><subfield code="a">n-us-mi</subfield></datafield><datafield tag="100" ind1="1" ind2=" "><subfield code="6">880-01</subfield><subfield code="a">Rāzī, Fakhr al-Dīn Muḥammad ibn ʻUmar,</subfield><subfield code="d">1149 or 1150-1210.</subfield></datafield><datafield tag="240" ind1="1" ind2="0"><subfield code="6">880-02</subfield><subfield code="a">Mafātīḥ al-ghayb.</subfield><subfield code="n">juzʼ 2</subfield></datafield><datafield tag="245" ind1="1" ind2="3"><subfield code="6">880-03</subfield><subfield code="a">al-Juzʼ al-thānī min Kitāb Mafātiḥ al-ghayb fī tafsīr al-Qurʼān al-majīd,</subfield><subfield code="f">[late 13th or early 14th century?].</subfield></datafield><datafield tag="246" ind1="3" ind2="0"><subfield code="a">Tafsīr al-kabīr</subfield></datafield><datafield tag="246" ind1="3" ind2=" "><subfield code="i">Edge title:</subfield><subfield code="a">مفاتح الغيب</subfield></datafield><datafield tag="260" ind1=" " ind2=" "><subfield code="c">[12-- or 13--?].</subfield></datafield><datafield tag="300" ind1=" " ind2=" "><subfield code="a">157 leaves :</subfield><subfield code="b">paper ;</subfield><subfield code="c">245 x 185 (195 x 135) mm.</subfield></datafield><datafield tag="500" ind1=" " ind2=" "><subfield code="a">Shelfmark: Ann Arbor, University of Michigan, Special Collections Library, Isl. Ms. 464</subfield></datafield><datafield tag="500" ind1=" " ind2=" "><subfield code="a">Origin: Colophon provides no information on copyist or date of copying ; paper suggests late 13th or 14th century. An ownership notice below the colophon on fol.157b (p.316) appears to be dated 709 [1309 or 10] and provides a rough terminus ante quem.</subfield></datafield><datafield tag="500" ind1=" " ind2=" "><subfield code="a">Accompanying materials: a. Inventory cataloguing slip in hand of Winifred Smeaton Thomas. -- b. Acquisitions slip from Yahuda.</subfield></datafield><datafield tag="500" ind1=" " ind2=" "><subfield code="a">Former shelfmark: From inner front cover, "IL 353" (likely supplied by Yahuda, see acquisitions slip).</subfield></datafield><datafield tag="500" ind1=" " ind2=" "><subfield code="a">Binding: Pasteboards covered in brown leather ; Type II binding (with flap) ; board linings in laid paper ; upper and lower covers carry tooled central circular decoration (shamsah) with neither lobed edge nor pendants but filled with geometric interlace forming an octagonal pattern incorporating epigraphic stamps (compare Weisweiler 17-20) ; these stamps are repeated at the four corners of the elaborate blind-stamped border consisting of a series of vegetal stamps separated by incised fillets (compare no.31 as well as nos. 32-35 in Bosch, et al.) ; sewn in yellow then blue thread, two stations ; headband gone, tailband in blue largely survies ; in poor condition ; upper cover is extremely worn and has suffered losses ; spine has been partially repaired with a red, fabric-based tape ; portion of fore-edge flap remains, though it has been covered with a different brown leather, as has the rest of the spine ; threads of the first few quires are loose.</subfield></datafield><datafield tag="500" ind1=" " ind2=" "><subfield code="a">Support: non-European (Arab?) laid paper, the lines of which are difficult to describe neatly ; horizontal laid lines 20 in roughly 27 mm. ; chain lines may be sets of three and two, with chains spaced 12-15 mm. apart, distance between the groups is difficult to discern.</subfield></datafield><datafield tag="500" ind1=" " ind2=" "><subfield code="a">Decoration: Text rubricated with section headings and keywords (e.g. "المسئلة الخامسة" or "قوله تعالى") in red ; three circles and single circles appearing in margin (likely collation marks) also in red.</subfield></datafield><datafield tag="500" ind1=" " ind2=" "><subfield code="a">Script: Naskh ; elegant Yemeni hand (?) ; unvocalized and very casually pointed ; most notable for the frequent horizontal elongation of letters, e.g. sīn within a word, tāʼ, thāʼ, and bāʼ at the ends of words, etc. ; descenders are often quite elongated and curvilinear and final descender letters (ahdāb) are often disproportionately larger than other letters.</subfield></datafield><datafield tag="500" ind1=" " ind2=" "><subfield code="a">Layout: Written in 25 lines per page ; frame-ruled.</subfield></datafield><datafield tag="500" ind1=" " ind2=" "><subfield code="a">Collation: i, V-1 (9), III (15), 14 V(155), I (157), i ; chiefly quinions ; catchwords present, appear throughout the first quire, in all subsequent quires appear only on the verso of the final leaf of each quire ; catchword at fol.115b (p.232) does not match with what follows, which may indicate a missing quire ; pagination in pencil, Western numerals, supplied during digitization (includes flyleaves).</subfield></datafield><datafield tag="500" ind1=" " ind2=" "><subfield code="a">Colophon: "Scribal," reads: "تم الجزء الثاني بحمد الله ومنه وفضله ويتلوه [؟] في الجزء الثالث قوله سبحانه وتعالى حيث ما كنتم قولوا وجوهكم سطره والحمد لله رب العالمين والصلوة على اشرف المرسلين محمد خاتم النبيين واله وصحبه اجمعين وسلم تسليما كثيرا"</subfield></datafield><datafield tag="500" ind1=" " ind2=" "><subfield code="a">Explicit: "المسألة الثانية عشرة إذا توجه إلى جهة ثم تغير اجتهاده وهو في الصلاة فعليه أن ينحرف ويتحول ويبني لأن عارض الاجتهاد لا يبطل السابق، فكذلك فيمن صدق مخبراً ثم جاء آخر نفسه إليه أسكن فأخبره بخلافه، فهذا ما يتعلق بالمسائل المستنبطة من هذه الآية في حكم الاستقبال والله أعلم"</subfield></datafield><datafield tag="500" ind1=" " ind2=" "><subfield code="a">Incipit: "قوله تعالى الم فيه مسألتين المسألة الاولى اعلم ان الالفاظ التي يتهجي بها اسماء مسمياتها الحروف المبسوطة"</subfield></datafield><datafield tag="500" ind1=" " ind2=" "><subfield code="a">Title from 'title page' fol.1a (p.3).</subfield></datafield><datafield tag="500" ind1=" " ind2=" "><subfield code="a">Ms. codex.</subfield></datafield><datafield tag="510" ind1="4" ind2=" "><subfield code="a">Brit. Mus. Suppl.</subfield><subfield code="c">111</subfield></datafield><datafield tag="510" ind1="4" ind2=" "><subfield code="a">Ḥājjī Khalīfah. Kashf al-ẓunūn,</subfield><subfield code="c">vi 5 ; ii 373</subfield></datafield><datafield tag="510" ind1="4" ind2=" "><subfield code="a">Brockelmann, C. GAL,</subfield><subfield code="c">I, 506</subfield></datafield><datafield tag="510" ind1="4" ind2=" "><subfield code="a">Bosch, Carswell, &amp; Petherbridge. Islamic Bindings and Bookmaking (1981),</subfield><subfield code="c">no. 31 ; nos. 32-35</subfield></datafield><datafield tag="520" ind1="8" ind2=" "><subfield code="a">Fine copy of a second volume of al-Rāzī's celebrated commentary on the Qurʼān, from the opening of Sūrat al-Baqarah (2) through verse 144. Description provided by Noah Gardiner.</subfield></datafield><datafield tag="538" ind1=" " ind2=" "><subfield code="a">Mode of access: Internet.</subfield></datafield><datafield tag="541" ind1=" " ind2=" "><subfield code="a">Acquired in 1926 from the bookseller Isaac Benjamin S.E. Yahuda via purchase transacted on his behalf by Abraham Shalom Yahuda (1877-1951), his younger brother.</subfield></datafield><datafield tag="546" ind1=" " ind2=" "><subfield code="a">Arabic.</subfield></datafield><datafield tag="561" ind1=" " ind2=" "><subfield code="a">Ownership statements on fol.1a (p.3) include "من كتب محمد بن كمال الدين الكبيسي ..." in name of Kamāl al-Dīn al-Kubaysī and "من منن الله اللطيف على عبده الضعيف المعترف بالخطا الفقير عطا العلوانى عفي عنه" in name of ʻAṭā al-ʻAlwānī ; collation statements "بلغ مقابلة", "قوبل وصح", "بلغ معارضة بالاصل", etc. (supplied in virtually the same hand, likely that of the copyist) appear at the end of each quire, bottom right corner of the verso of the last leaf, except for the final quinion and bifolium (see fol.9b (p.20), etc.) ; possible collation marks (three circles and single circle) appear in the margins ; study/reading (?) notice date 709 [1309 or 10] appears below colophon on fol.157b (p.316) reads " تامله [؟] الفقير الى الله الغني احمد بن اسمعيل بن عبد الله بن محمد المفتى المالكي تجاوزه الله عز شانه في شهور [؟] سنة تسع وسبعمائة ..." ; waqf statement on back flyleaf (p.318) reads "وقف هذا الكتاب عبد الرحمن افندى بن شيخ مصطفى وقفا صح لا يباع ولا يرهن فمن بدله بعد ما سمع وانما اثمه على الذين [كذا] تحرير في اواسط شهر رجب سنة ثمانين ومئتين وألف ..." ; occasional corrections throughout.</subfield></datafield><datafield tag="630" ind1="0" ind2="0"><subfield code="a">Qurʼan</subfield><subfield code="x">Commentaries</subfield><subfield code="v">Early works to 1800.</subfield></datafield><datafield tag="650" ind1=" " ind2="0"><subfield code="a">Manuscripts, Arabic</subfield><subfield code="z">Michigan</subfield><subfield code="z">Ann Arbor.</subfield></datafield><datafield tag="700" ind1="0" ind2=" "><subfield code="6">880-06</subfield><subfield code="a">ʻAṭā al-ʻAlwānī,</subfield><subfield code="e">former owner.</subfield></datafield><datafield tag="700" ind1="0" ind2=" "><subfield code="6">880-05</subfield><subfield code="a">Kamāl al-Dīn al-Kubaysī,</subfield><subfield code="e">former owner.</subfield></datafield><datafield tag="773" ind1="0" ind2=" "><subfield code="a">Yahuda Collection.</subfield></datafield><datafield tag="880" ind1="0" ind2=" "><subfield code="6">700-06/</subfield><subfield code="a">عطا العلواني،</subfield><subfield code="e">مالك سابق.</subfield></datafield><datafield tag="880" ind1="0" ind2=" "><subfield code="6">700-05/</subfield><subfield code="a">كمال الدين الكبيسي،</subfield><subfield code="e">مالك سابق.</subfield></datafield><datafield tag="880" ind1="1" ind2="2"><subfield code="6">245-03/</subfield><subfield code="a">الجزء الثاني من كتاب مفاتح الغيب في تفسير القرآن المجيد,</subfield><subfield code="f">[اواخر القرن 13م أو اوائل القرن 14م؟].</subfield></datafield><datafield tag="880" ind1="1" ind2="0"><subfield code="6">240-02/</subfield><subfield code="a">مفاتيح الغيب.</subfield><subfield code="n">جزء 2</subfield></datafield><datafield tag="880" ind1="1" ind2=" "><subfield code="6">100-01/</subfield><subfield code="a">رازي، فخر الدين محمد بن عمر.</subfield></datafield><datafield tag="CID" ind1=" " ind2=" "><subfield code="a">006806214</subfield></datafield><datafield tag="DAT" ind1="0" ind2=" "><subfield code="a">20190719102637.0</subfield><subfield code="b">20190719000000.0</subfield></datafield><datafield tag="DAT" ind1="1" ind2=" "><subfield code="a">20190719090653.0</subfield><subfield code="b">2019-07-19T16:11:30Z</subfield></datafield><datafield tag="DAT" ind1="2" ind2=" "><subfield code="a">2015-10-02T18:00:03Z</subfield></datafield><datafield tag="CAT" ind1=" " ind2=" "><subfield code="a">SDR-MIU</subfield><subfield code="d">EX LIBRIS - ALEPH</subfield><subfield code="l">prepare.pl-004-008</subfield></datafield><datafield tag="FMT" ind1=" " ind2=" "><subfield code="a">BK</subfield></datafield><datafield tag="HOL" ind1=" " ind2=" "><subfield code="0">sdr-miu006806214</subfield><subfield code="a">MiU</subfield><subfield code="b">SDR</subfield><subfield code="c">MIU</subfield><subfield code="p">mdp.39015079127703</subfield><subfield code="s">MIU</subfield><subfield code="1">006806214</subfield></datafield><datafield tag="974" ind1=" " ind2=" "><subfield code="b">MIU</subfield><subfield code="c">MIU</subfield><subfield code="d">20190719</subfield><subfield code="s">lit-dlps-dc</subfield><subfield code="u">mdp.39015079127703</subfield><subfield code="y">1399</subfield><subfield code="r">pd</subfield><subfield code="q">bib</subfield><subfield code="t">non-US bib date2 &lt; 1879</subfield></datafield></record></collection>